% Encoding: UTF-8

@Article{刘吉华2007利用,
  author  = {刘吉华 and 许东彬 and 辛寅昌},
  title   = {利用CT扫描仪分析不同类型BaSO_4对X射线的衰减规律},
  journal = {山东师范大学学报(自然科学版)},
  year    = {2007},
  volume  = {22},
  number  = {02},
  pages   = {66-68},
}

@PhdThesis{郭静钰2016有限角度,
  author = {郭静钰},
  title  = {有限角度CT图像重建迭代算法研究},
  school = {南方医科大学},
  year   = {2016},
}

@Article{andersen1984simultaneous,
  author    = {Andersen, Anders H and Kak, Avinash C},
  title     = {Simultaneous algebraic reconstruction technique (SART): a superior implementation of the ART algorithm},
  journal   = {Ultrasonic imaging},
  year      = {1984},
  volume    = {6},
  number    = {1},
  pages     = {81--94},
  publisher = {SAGE Publications Sage CA: Los Angeles, CA},
}

@Comment{jabref-meta: databaseType:bibtex;}
